<?xml version="1.0" encoding="UTF-8"?>
  <record xmlns="http://www.loc.gov/MARC21/slim" type="Authority">
    <leader>00000nz  a2200000nc 4500</leader>
    <controlfield tag="001">118571869</controlfield>
    <controlfield tag="003">DE-101</controlfield>
    <controlfield tag="005">20220604103933.0</controlfield>
    <controlfield tag="008">880701n||azznnaabn           | aaa    |c</controlfield>
    <datafield tag="024" ind1="7" ind2=" ">
      <subfield code="a">118571869</subfield>
      <subfield code="0">http://d-nb.info/gnd/118571869</subfield>
      <subfield code="2">gnd</subfield>
    </datafield>
    <datafield tag="035" ind1=" " ind2=" ">
      <subfield code="a">(DE-101)118571869</subfield>
    </datafield>
    <datafield tag="035" ind1=" " ind2=" ">
      <subfield code="a">(DE-588)118571869</subfield>
    </datafield>
    <datafield tag="035" ind1=" " ind2=" ">
      <subfield code="z">(DE-588)1243966769</subfield>
    </datafield>
    <datafield tag="035" ind1=" " ind2=" ">
      <subfield code="z">(DE-588)1055613412</subfield>
    </datafield>
    <datafield tag="035" ind1=" " ind2=" ">
      <subfield code="z">(DE-588)1089609094</subfield>
    </datafield>
    <datafield tag="035" ind1=" " ind2=" ">
      <subfield code="z">(DE-588)186214340</subfield>
    </datafield>
    <datafield tag="035" ind1=" " ind2=" ">
      <subfield code="z">(DE-588a)186214340</subfield>
      <subfield code="9">v:zg</subfield>
    </datafield>
    <datafield tag="035" ind1=" " ind2=" ">
      <subfield code="z">(DE-588)13698035X</subfield>
    </datafield>
    <datafield tag="035" ind1=" " ind2=" ">
      <subfield code="z">(DE-588a)13698035X</subfield>
      <subfield code="9">v:zg</subfield>
    </datafield>
    <datafield tag="035" ind1=" " ind2=" ">
      <subfield code="z">(DE-588)136979718</subfield>
    </datafield>
    <datafield tag="035" ind1=" " ind2=" ">
      <subfield code="z">(DE-588a)136979718</subfield>
      <subfield code="9">v:zg</subfield>
    </datafield>
    <datafield tag="035" ind1=" " ind2=" ">
      <subfield code="z">(DE-588)186500505</subfield>
    </datafield>
    <datafield tag="035" ind1=" " ind2=" ">
      <subfield code="z">(DE-588a)186500505</subfield>
      <subfield code="9">v:zg</subfield>
    </datafield>
    <datafield tag="035" ind1=" " ind2=" ">
      <subfield code="z">(DE-588a)118571869</subfield>
      <subfield code="9">v:zg</subfield>
    </datafield>
    <datafield tag="035" ind1=" " ind2=" ">
      <subfield code="z">(DE-588a)134443489</subfield>
    </datafield>
    <datafield tag="035" ind1=" " ind2=" ">
      <subfield code="z">(DE-101c)310133483</subfield>
    </datafield>
    <datafield tag="035" ind1=" " ind2=" ">
      <subfield code="z">(DE-588c)4035386-2</subfield>
      <subfield code="9">v:zg</subfield>
    </datafield>
    <datafield tag="040" ind1=" " ind2=" ">
      <subfield code="a">DE-101</subfield>
      <subfield code="c">DE-101</subfield>
      <subfield code="9">r:DE-101</subfield>
      <subfield code="b">ger</subfield>
      <subfield code="d">1210</subfield>
      <subfield code="e">rda</subfield>
    </datafield>
    <datafield tag="042" ind1=" " ind2=" ">
      <subfield code="a">gnd1</subfield>
    </datafield>
    <datafield tag="043" ind1=" " ind2=" ">
      <subfield code="c">XA-DE</subfield>
      <subfield code="c">XA-AT</subfield>
    </datafield>
    <datafield tag="065" ind1=" " ind2=" ">
      <subfield code="a">16.5p</subfield>
      <subfield code="2">sswd</subfield>
    </datafield>
    <datafield tag="075" ind1=" " ind2=" ">
      <subfield code="b">p</subfield>
      <subfield code="2">gndgen</subfield>
    </datafield>
    <datafield tag="075" ind1=" " ind2=" ">
      <subfield code="b">pik</subfield>
      <subfield code="2">gndspec</subfield>
    </datafield>
    <datafield tag="079" ind1=" " ind2=" ">
      <subfield code="a">g</subfield>
      <subfield code="q">a</subfield>
      <subfield code="q">f</subfield>
      <subfield code="q">s</subfield>
      <subfield code="q">l</subfield>
      <subfield code="q">m</subfield>
      <subfield code="q">z</subfield>
      <subfield code="u">w</subfield>
      <subfield code="u">m</subfield>
      <subfield code="u">v</subfield>
      <subfield code="u">o</subfield>
    </datafield>
    <datafield tag="100" ind1="0" ind2=" ">
      <subfield code="a">Leopold</subfield>
      <subfield code="b">I.</subfield>
      <subfield code="c">Heiliges Römisches Reich, Kaiser</subfield>
      <subfield code="d">1640-1705</subfield>
    </datafield>
    <datafield tag="375" ind1=" " ind2=" ">
      <subfield code="a">1</subfield>
      <subfield code="2">iso5218</subfield>
    </datafield>
    <datafield tag="400" ind1="0" ind2=" ">
      <subfield code="a">Leopoldus Ignatius</subfield>
      <subfield code="c">Hungaria, Rex</subfield>
      <subfield code="d">1640-1705</subfield>
    </datafield>
    <datafield tag="400" ind1="0" ind2=" ">
      <subfield code="a">Leopoldus Ignatius</subfield>
      <subfield code="b">I.</subfield>
      <subfield code="c">Imperium Romano-Germanicum, Imperator</subfield>
      <subfield code="d">1640-1705</subfield>
    </datafield>
    <datafield tag="400" ind1="0" ind2=" ">
      <subfield code="a">Leopoldus</subfield>
      <subfield code="b">I.</subfield>
      <subfield code="c">Heiliges Römisches Reich, Kaiser</subfield>
      <subfield code="d">1640-1705</subfield>
    </datafield>
    <datafield tag="400" ind1="0" ind2=" ">
      <subfield code="a">Leopoldus</subfield>
      <subfield code="c">Romanorum Imperator</subfield>
      <subfield code="d">1640-1705</subfield>
    </datafield>
    <datafield tag="400" ind1="0" ind2=" ">
      <subfield code="a">Leopoldus</subfield>
      <subfield code="b">I.</subfield>
      <subfield code="c">Imperium Romano-Germanicum, Imperator</subfield>
      <subfield code="d">1640-1705</subfield>
    </datafield>
    <datafield tag="400" ind1="0" ind2=" ">
      <subfield code="a">Leopoldus</subfield>
      <subfield code="b">I.</subfield>
      <subfield code="c">Germania, Imperator</subfield>
      <subfield code="d">1640-1705</subfield>
    </datafield>
    <datafield tag="400" ind1="0" ind2=" ">
      <subfield code="a">Leopoldus</subfield>
      <subfield code="b">I.</subfield>
      <subfield code="c">Imperator</subfield>
      <subfield code="d">1640-1705</subfield>
    </datafield>
    <datafield tag="400" ind1="0" ind2=" ">
      <subfield code="a">Leopoldo</subfield>
      <subfield code="c">Cesare</subfield>
      <subfield code="d">1640-1705</subfield>
    </datafield>
    <datafield tag="400" ind1="0" ind2=" ">
      <subfield code="a">Leopold Ignatius</subfield>
      <subfield code="b">I.</subfield>
      <subfield code="c">Heiliges Römisches Reich, Kaiser</subfield>
      <subfield code="d">1640-1705</subfield>
    </datafield>
    <datafield tag="400" ind1="0" ind2=" ">
      <subfield code="a">Leopold</subfield>
      <subfield code="c">Römisch-Deutsches Reich, Kaiser, I.</subfield>
      <subfield code="d">1640-1705</subfield>
    </datafield>
    <datafield tag="400" ind1="0" ind2=" ">
      <subfield code="a">Leopold Ignatius</subfield>
      <subfield code="c">Österreich, Erzherzog</subfield>
      <subfield code="d">1640-1705</subfield>
    </datafield>
    <datafield tag="400" ind1="0" ind2=" ">
      <subfield code="a">Leopold</subfield>
      <subfield code="c">Ungarn, König</subfield>
      <subfield code="d">1640-1705</subfield>
    </datafield>
    <datafield tag="400" ind1="0" ind2=" ">
      <subfield code="a">Leopold</subfield>
      <subfield code="b">I.</subfield>
      <subfield code="c">Österreich, Kaiser</subfield>
      <subfield code="d">1640-1705</subfield>
    </datafield>
    <datafield tag="400" ind1="0" ind2=" ">
      <subfield code="a">Leopold</subfield>
      <subfield code="c">Österreich, Erzherzog, 1640-1705</subfield>
      <subfield code="d">1640-1705</subfield>
    </datafield>
    <datafield tag="400" ind1="0" ind2=" ">
      <subfield code="a">Leopold</subfield>
      <subfield code="c">Österreich, Erzherzog</subfield>
      <subfield code="d">1640-1705</subfield>
    </datafield>
    <datafield tag="400" ind1="0" ind2=" ">
      <subfield code="a">Leopold</subfield>
      <subfield code="b">I.</subfield>
      <subfield code="c">Germany, Emperor</subfield>
      <subfield code="d">1640-1705</subfield>
    </datafield>
    <datafield tag="400" ind1="0" ind2=" ">
      <subfield code="a">Leopold</subfield>
      <subfield code="b">I.</subfield>
      <subfield code="c">Deutschland, Kaiser</subfield>
      <subfield code="d">1640-1705</subfield>
    </datafield>
    <datafield tag="400" ind1="0" ind2=" ">
      <subfield code="a">Leopold</subfield>
      <subfield code="c">der Große</subfield>
      <subfield code="d">1640-1705</subfield>
    </datafield>
    <datafield tag="400" ind1="0" ind2=" ">
      <subfield code="a">Leopold</subfield>
      <subfield code="c">Böhmen, König</subfield>
      <subfield code="d">1640-1705</subfield>
    </datafield>
    <datafield tag="400" ind1="0" ind2=" ">
      <subfield code="a">Leopoldus</subfield>
      <subfield code="c">Magnus</subfield>
      <subfield code="d">1640-1705</subfield>
    </datafield>
    <datafield tag="400" ind1="0" ind2=" ">
      <subfield code="a">Leopold</subfield>
      <subfield code="c">der Grosse</subfield>
      <subfield code="d">1640-1705</subfield>
    </datafield>
    <datafield tag="400" ind1="0" ind2=" ">
      <subfield code="a">Leopold</subfield>
      <subfield code="b">I</subfield>
      <subfield code="c">Kaiser von Österreich</subfield>
      <subfield code="d">1640-1705</subfield>
    </datafield>
    <datafield tag="400" ind1="0" ind2=" ">
      <subfield code="a">Leopold</subfield>
      <subfield code="b">I</subfield>
      <subfield code="c">Kaiser des Römisch-deutschen Reichs</subfield>
      <subfield code="d">1640-1705</subfield>
    </datafield>
    <datafield tag="400" ind1="0" ind2=" ">
      <subfield code="a">Leopold</subfield>
      <subfield code="b">I</subfield>
      <subfield code="c">Kaiser des Römisch-deutschen Reiches</subfield>
      <subfield code="d">1640-1705</subfield>
    </datafield>
    <datafield tag="400" ind1="0" ind2=" ">
      <subfield code="a">Leopold</subfield>
      <subfield code="b">1</subfield>
      <subfield code="c">Römisch-Deutsches Reich ; Kaiser</subfield>
      <subfield code="d">1640-1705</subfield>
    </datafield>
    <datafield tag="400" ind1="0" ind2=" ">
      <subfield code="a">Leopold</subfield>
      <subfield code="b">I</subfield>
      <subfield code="c">Kaiser des Römisch-Deutschen Reichs</subfield>
      <subfield code="d">1640-1705</subfield>
    </datafield>
    <datafield tag="400" ind1="0" ind2=" ">
      <subfield code="a">Leopold</subfield>
      <subfield code="b">I</subfield>
      <subfield code="c">von Habsburg, Kaiser</subfield>
      <subfield code="d">1640-1705</subfield>
    </datafield>
    <datafield tag="400" ind1="0" ind2=" ">
      <subfield code="a">Leopold</subfield>
      <subfield code="b">I</subfield>
      <subfield code="c">Kaiser</subfield>
      <subfield code="d">1640-1705</subfield>
    </datafield>
    <datafield tag="400" ind1="0" ind2=" ">
      <subfield code="a">Leopoldus</subfield>
      <subfield code="c">Romanum Imperium, Imperator</subfield>
      <subfield code="d">1640-1705</subfield>
    </datafield>
    <datafield tag="400" ind1="0" ind2=" ">
      <subfield code="a">Leopold</subfield>
      <subfield code="b">VI.</subfield>
      <subfield code="c">von Habsburg</subfield>
      <subfield code="d">1640-1705</subfield>
      <subfield code="9">v:Wikipedia</subfield>
    </datafield>
    <datafield tag="400" ind1="0" ind2=" ">
      <subfield code="a">Leopold I. Ignatius Joseph Balthasar Felician</subfield>
      <subfield code="c">Heiliges Römisches Reich, Kaiser</subfield>
      <subfield code="d">1640-1705</subfield>
      <subfield code="4">navo</subfield>
      <subfield code="4">https://d-nb.info/standards/elementset/gnd#FullerFormOfNameOfThePerson</subfield>
      <subfield code="w">r</subfield>
      <subfield code="i">Vollstaendiger Name</subfield>
      <subfield code="e">Vollstaendiger Name</subfield>
      <subfield code="9">v:Wikipedia</subfield>
    </datafield>
    <datafield tag="500" ind1="0" ind2=" ">
      <subfield code="0">(DE-101)118730991</subfield>
      <subfield code="0">(DE-588)118730991</subfield>
      <subfield code="0">https://d-nb.info/gnd/118730991</subfield>
      <subfield code="a">Margarete Theresia</subfield>
      <subfield code="c">Heiliges Römisches Reich, Kaiserin</subfield>
      <subfield code="d">1651-1673</subfield>
      <subfield code="4">bezf</subfield>
      <subfield code="4">https://d-nb.info/standards/elementset/gnd#familialRelationship</subfield>
      <subfield code="w">r</subfield>
      <subfield code="i">Beziehung familiaer</subfield>
      <subfield code="e">Beziehung familiaer</subfield>
      <subfield code="9">v:1. Ehefrau</subfield>
    </datafield>
    <datafield tag="500" ind1="0" ind2=" ">
      <subfield code="0">(DE-101)100976905</subfield>
      <subfield code="0">(DE-588)100976905</subfield>
      <subfield code="0">https://d-nb.info/gnd/100976905</subfield>
      <subfield code="a">Maria Antonia</subfield>
      <subfield code="c">Bayern, Kurfürstin</subfield>
      <subfield code="d">1669-1692</subfield>
      <subfield code="4">bezf</subfield>
      <subfield code="4">https://d-nb.info/standards/elementset/gnd#familialRelationship</subfield>
      <subfield code="w">r</subfield>
      <subfield code="i">Beziehung familiaer</subfield>
      <subfield code="e">Beziehung familiaer</subfield>
      <subfield code="9">v:Tochter aus 1. Ehe</subfield>
    </datafield>
    <datafield tag="500" ind1="0" ind2=" ">
      <subfield code="0">(DE-101)101026641</subfield>
      <subfield code="0">(DE-588)101026641</subfield>
      <subfield code="0">https://d-nb.info/gnd/101026641</subfield>
      <subfield code="a">Eleonore</subfield>
      <subfield code="c">Heiliges Römisches Reich, Kaiserin</subfield>
      <subfield code="d">1655-1720</subfield>
      <subfield code="4">bezf</subfield>
      <subfield code="4">https://d-nb.info/standards/elementset/gnd#familialRelationship</subfield>
      <subfield code="w">r</subfield>
      <subfield code="i">Beziehung familiaer</subfield>
      <subfield code="e">Beziehung familiaer</subfield>
      <subfield code="9">v:3. Ehefrau</subfield>
    </datafield>
    <datafield tag="500" ind1="0" ind2=" ">
      <subfield code="0">(DE-101)118558390</subfield>
      <subfield code="0">(DE-588)118558390</subfield>
      <subfield code="0">https://d-nb.info/gnd/118558390</subfield>
      <subfield code="a">Joseph</subfield>
      <subfield code="b">I.</subfield>
      <subfield code="c">Heiliges Römisches Reich, Kaiser</subfield>
      <subfield code="d">1678-1711</subfield>
      <subfield code="4">bezf</subfield>
      <subfield code="4">https://d-nb.info/standards/elementset/gnd#familialRelationship</subfield>
      <subfield code="w">r</subfield>
      <subfield code="i">Beziehung familiaer</subfield>
      <subfield code="e">Beziehung familiaer</subfield>
      <subfield code="9">v:Sohn</subfield>
    </datafield>
    <datafield tag="500" ind1="0" ind2=" ">
      <subfield code="0">(DE-101)118560107</subfield>
      <subfield code="0">(DE-588)118560107</subfield>
      <subfield code="0">https://d-nb.info/gnd/118560107</subfield>
      <subfield code="a">Karl</subfield>
      <subfield code="b">VI.</subfield>
      <subfield code="c">Heiliges Römisches Reich, Kaiser</subfield>
      <subfield code="d">1685-1740</subfield>
      <subfield code="4">bezf</subfield>
      <subfield code="4">https://d-nb.info/standards/elementset/gnd#familialRelationship</subfield>
      <subfield code="w">r</subfield>
      <subfield code="i">Beziehung familiaer</subfield>
      <subfield code="e">Beziehung familiaer</subfield>
      <subfield code="9">v:Sohn</subfield>
    </datafield>
    <datafield tag="500" ind1="0" ind2=" ">
      <subfield code="0">(DE-101)118927426</subfield>
      <subfield code="0">(DE-588)118927426</subfield>
      <subfield code="0">https://d-nb.info/gnd/118927426</subfield>
      <subfield code="a">Maria Elisabeth</subfield>
      <subfield code="c">Österreich, Erzherzogin, 1680-1741</subfield>
      <subfield code="d">1680-1741</subfield>
      <subfield code="4">bezf</subfield>
      <subfield code="4">https://d-nb.info/standards/elementset/gnd#familialRelationship</subfield>
      <subfield code="w">r</subfield>
      <subfield code="i">Beziehung familiaer</subfield>
      <subfield code="e">Beziehung familiaer</subfield>
      <subfield code="9">v:Tochter</subfield>
    </datafield>
    <datafield tag="500" ind1="0" ind2=" ">
      <subfield code="0">(DE-101)119360691</subfield>
      <subfield code="0">(DE-588)119360691</subfield>
      <subfield code="0">https://d-nb.info/gnd/119360691</subfield>
      <subfield code="a">Maria Anna</subfield>
      <subfield code="c">Portugal, Königin</subfield>
      <subfield code="d">1683-1754</subfield>
      <subfield code="4">bezf</subfield>
      <subfield code="4">https://d-nb.info/standards/elementset/gnd#familialRelationship</subfield>
      <subfield code="w">r</subfield>
      <subfield code="i">Beziehung familiaer</subfield>
      <subfield code="e">Beziehung familiaer</subfield>
      <subfield code="9">v:Tochter</subfield>
    </datafield>
    <datafield tag="500" ind1="0" ind2=" ">
      <subfield code="0">(DE-101)130261033</subfield>
      <subfield code="0">(DE-588)130261033</subfield>
      <subfield code="0">https://d-nb.info/gnd/130261033</subfield>
      <subfield code="a">Maria Theresia</subfield>
      <subfield code="c">Österreich, Erzherzogin, 1684-1696</subfield>
      <subfield code="d">1684-1696</subfield>
      <subfield code="4">bezf</subfield>
      <subfield code="4">https://d-nb.info/standards/elementset/gnd#familialRelationship</subfield>
      <subfield code="w">r</subfield>
      <subfield code="i">Beziehung familiaer</subfield>
      <subfield code="e">Beziehung familiaer</subfield>
      <subfield code="9">v:Tochter</subfield>
    </datafield>
    <datafield tag="500" ind1="0" ind2=" ">
      <subfield code="0">(DE-101)1019759852</subfield>
      <subfield code="0">(DE-588)1019759852</subfield>
      <subfield code="0">https://d-nb.info/gnd/1019759852</subfield>
      <subfield code="a">Maria Magdalena</subfield>
      <subfield code="c">Österreich, Erzherzogin</subfield>
      <subfield code="d">1689-1743</subfield>
      <subfield code="4">bezf</subfield>
      <subfield code="4">https://d-nb.info/standards/elementset/gnd#familialRelationship</subfield>
      <subfield code="w">r</subfield>
      <subfield code="i">Beziehung familiaer</subfield>
      <subfield code="e">Beziehung familiaer</subfield>
      <subfield code="9">v:Tochter</subfield>
    </datafield>
    <datafield tag="510" ind1="2" ind2=" ">
      <subfield code="0">(DE-101)1192229207</subfield>
      <subfield code="0">(DE-588)1192229207</subfield>
      <subfield code="0">https://d-nb.info/gnd/1192229207</subfield>
      <subfield code="a">Heiliges Römisches Reich</subfield>
      <subfield code="b">Kaiser</subfield>
      <subfield code="g">1658-1705 : Leopold I.</subfield>
      <subfield code="4">vbal</subfield>
      <subfield code="4">https://d-nb.info/standards/elementset/gnd#relatedTerm</subfield>
      <subfield code="w">r</subfield>
      <subfield code="i">Verwandter Begriff</subfield>
      <subfield code="e">Verwandter Begriff</subfield>
    </datafield>
    <datafield tag="548" ind1=" " ind2=" ">
      <subfield code="a">1640-1705</subfield>
      <subfield code="4">datl</subfield>
      <subfield code="4">https://d-nb.info/standards/elementset/gnd#dateOfBirthAndDeath</subfield>
      <subfield code="w">r</subfield>
      <subfield code="i">Lebensdaten</subfield>
    </datafield>
    <datafield tag="548" ind1=" " ind2=" ">
      <subfield code="a">09.06.1640-05.05.1705</subfield>
      <subfield code="4">datx</subfield>
      <subfield code="4">https://d-nb.info/standards/elementset/gnd#dateOfBirthAndDeath</subfield>
      <subfield code="w">r</subfield>
      <subfield code="i">Exakte Lebensdaten</subfield>
    </datafield>
    <datafield tag="550" ind1=" " ind2=" ">
      <subfield code="0">(DE-101)041141237</subfield>
      <subfield code="0">(DE-588)4114123-4</subfield>
      <subfield code="0">https://d-nb.info/gnd/4114123-4</subfield>
      <subfield code="a">Kaiser</subfield>
      <subfield code="4">berc</subfield>
      <subfield code="4">https://d-nb.info/standards/elementset/gnd#professionOrOccupation</subfield>
      <subfield code="w">r</subfield>
      <subfield code="i">Charakteristischer Beruf</subfield>
    </datafield>
    <datafield tag="550" ind1=" " ind2=" ">
      <subfield code="0">(DE-101)040315169</subfield>
      <subfield code="0">(DE-588)4031516-2</subfield>
      <subfield code="0">https://d-nb.info/gnd/4031516-2</subfield>
      <subfield code="a">König</subfield>
      <subfield code="4">beru</subfield>
      <subfield code="4">https://d-nb.info/standards/elementset/gnd#professionOrOccupation</subfield>
      <subfield code="w">r</subfield>
      <subfield code="i">Beruf</subfield>
    </datafield>
    <datafield tag="550" ind1=" " ind2=" ">
      <subfield code="0">(DE-101)042771838</subfield>
      <subfield code="0">(DE-588)4277183-3</subfield>
      <subfield code="0">https://d-nb.info/gnd/4277183-3</subfield>
      <subfield code="a">Erzherzog</subfield>
      <subfield code="4">beru</subfield>
      <subfield code="4">https://d-nb.info/standards/elementset/gnd#professionOrOccupation</subfield>
      <subfield code="w">r</subfield>
      <subfield code="i">Beruf</subfield>
    </datafield>
    <datafield tag="550" ind1=" " ind2=" ">
      <subfield code="0">(DE-101)04032009X</subfield>
      <subfield code="0">(DE-588)4032009-1</subfield>
      <subfield code="0">https://d-nb.info/gnd/4032009-1</subfield>
      <subfield code="a">Komponist</subfield>
      <subfield code="4">beru</subfield>
      <subfield code="4">https://d-nb.info/standards/elementset/gnd#professionOrOccupation</subfield>
      <subfield code="w">r</subfield>
      <subfield code="i">Beruf</subfield>
    </datafield>
    <datafield tag="550" ind1=" " ind2=" ">
      <subfield code="0">(DE-101)040004643</subfield>
      <subfield code="0">(DE-588)4000464-8</subfield>
      <subfield code="0">https://d-nb.info/gnd/4000464-8</subfield>
      <subfield code="a">Adel</subfield>
      <subfield code="4">obin</subfield>
      <subfield code="4">https://d-nb.info/standards/elementset/gnd#broaderTermInstantial</subfield>
      <subfield code="w">r</subfield>
      <subfield code="i">Oberbegriff instantiell</subfield>
    </datafield>
    <datafield tag="551" ind1=" " ind2=" ">
      <subfield code="0">(DE-101)040660095</subfield>
      <subfield code="0">(DE-588)4066009-6</subfield>
      <subfield code="0">https://d-nb.info/gnd/4066009-6</subfield>
      <subfield code="a">Wien</subfield>
      <subfield code="4">ortg</subfield>
      <subfield code="4">https://d-nb.info/standards/elementset/gnd#placeOfBirth</subfield>
      <subfield code="w">r</subfield>
      <subfield code="i">Geburtsort</subfield>
    </datafield>
    <datafield tag="551" ind1=" " ind2=" ">
      <subfield code="0">(DE-101)040660095</subfield>
      <subfield code="0">(DE-588)4066009-6</subfield>
      <subfield code="0">https://d-nb.info/gnd/4066009-6</subfield>
      <subfield code="a">Wien</subfield>
      <subfield code="4">orts</subfield>
      <subfield code="4">https://d-nb.info/standards/elementset/gnd#placeOfDeath</subfield>
      <subfield code="w">r</subfield>
      <subfield code="i">Sterbeort</subfield>
    </datafield>
    <datafield tag="551" ind1=" " ind2=" ">
      <subfield code="0">(DE-101)040660095</subfield>
      <subfield code="0">(DE-588)4066009-6</subfield>
      <subfield code="0">https://d-nb.info/gnd/4066009-6</subfield>
      <subfield code="a">Wien</subfield>
      <subfield code="4">ortw</subfield>
      <subfield code="4">https://d-nb.info/standards/elementset/gnd#placeOfActivity</subfield>
      <subfield code="w">r</subfield>
      <subfield code="i">Wirkungsort</subfield>
    </datafield>
    <datafield tag="667" ind1=" " ind2=" ">
      <subfield code="a">12</subfield>
    </datafield>
    <datafield tag="667" ind1=" " ind2=" ">
      <subfield code="a">VD-17</subfield>
    </datafield>
    <datafield tag="667" ind1=" " ind2=" ">
      <subfield code="a">VD-18</subfield>
    </datafield>
    <datafield tag="667" ind1=" " ind2=" ">
      <subfield code="a">OENAK</subfield>
    </datafield>
    <datafield tag="667" ind1=" " ind2=" ">
      <subfield code="a">Quelle: DNB-Normdaten/KIDS</subfield>
    </datafield>
    <datafield tag="670" ind1=" " ind2=" ">
      <subfield code="a">DMA: MGG 2</subfield>
    </datafield>
    <datafield tag="670" ind1=" " ind2=" ">
      <subfield code="a">NG 2; Diz. mus.</subfield>
    </datafield>
    <datafield tag="670" ind1=" " ind2=" ">
      <subfield code="a">LCAuth</subfield>
    </datafield>
    <datafield tag="670" ind1=" " ind2=" ">
      <subfield code="a">NDB/ADB</subfield>
      <subfield code="u">https://www.deutsche-biographie.de/gnd118571869.html#ndbcontent</subfield>
    </datafield>
    <datafield tag="670" ind1=" " ind2=" ">
      <subfield code="a">Wikipedia</subfield>
      <subfield code="u">https://de.wikipedia.org/wiki/Leopold_I._(HRR)</subfield>
    </datafield>
    <datafield tag="672" ind1=" " ind2="0">
      <subfield code="a">Zwei Proclamationen, eine Rebellion in Ungarn ..</subfield>
      <subfield code="f">1671</subfield>
    </datafield>
    <datafield tag="672" ind1=" " ind2="0">
      <subfield code="a">A proclamation</subfield>
      <subfield code="f">1684</subfield>
    </datafield>
    <datafield tag="672" ind1=" " ind2="0">
      <subfield code="a">Der Römischen Kayserlichen Majestät Edictum und Schreiben an Ihre zu Dännemarck, Norwegen ..</subfield>
      <subfield code="f">1687</subfield>
    </datafield>
    <datafield tag="672" ind1=" " ind2="0">
      <subfield code="a">The Emperor's answer to the French King' ..</subfield>
      <subfield code="f">1688</subfield>
    </datafield>
    <datafield tag="672" ind1=" " ind2="0">
      <subfield code="a">A letter written by the Emperor to ..</subfield>
      <subfield code="f">1689</subfield>
    </datafield>
    <datafield tag="672" ind1=" " ind2="0">
      <subfield code="a">The Emperors letter to William III</subfield>
      <subfield code="f">1689</subfield>
    </datafield>
    <datafield tag="672" ind1=" " ind2="0">
      <subfield code="a">Der Röm. Kaiserl. Majestät Kriegs-Erklärung wider die Cron Franckreich, deren Helffer ..</subfield>
      <subfield code="f">1689</subfield>
    </datafield>
    <datafield tag="672" ind1=" " ind2="0">
      <subfield code="a">Der Römischen Kayserlichen Auch zu Hungarn und Böhaimb Königlichen Majestät Leopoldi, ..</subfield>
      <subfield code="f">1692</subfield>
    </datafield>
    <datafield tag="672" ind1=" " ind2="0">
      <subfield code="a">Deß Aller-Durchleuchtigsten, Großmächtigst- und unüberwindichigsten Fürsten und Herrn, ..</subfield>
      <subfield code="f">1733</subfield>
    </datafield>
    <datafield tag="675" ind1=" " ind2=" ">
      <subfield code="a">RISM</subfield>
    </datafield>
    <datafield tag="678" ind1=" " ind2=" ">
      <subfield code="b">König von Ungarn ab 1655, König von Böhmen ab 1656, Römischer Kaiser (1658-1705); in 1. Ehe (ab 1666) verheiratet mit Margarete Theresia, Infantin von Spanien, in 2. Ehe (ab 1673) mit Claudia Felicitas, Erzherzogin von Österreich, in 3. Ehe (ab 1676) mit Eleonore Magdalena, Prinzessin von der Pfalz</subfield>
    </datafield>
    <datafield tag="913" ind1=" " ind2=" ">
      <subfield code="S">pnd</subfield>
      <subfield code="i">5</subfield>
      <subfield code="a">Leopold &lt;Römisch-Deutsches Reich, Kaiser, I.&gt;</subfield>
      <subfield code="0">(DE-588a)118571869</subfield>
    </datafield>
    <datafield tag="913" ind1=" " ind2=" ">
      <subfield code="S">pnd</subfield>
      <subfield code="i">5</subfield>
      <subfield code="a">Leopold &lt;Römisch-Deutsches Reich, Kaiser, I.&gt;</subfield>
      <subfield code="0">(DE-588a)186500505</subfield>
    </datafield>
    <datafield tag="913" ind1=" " ind2=" ">
      <subfield code="S">pnd</subfield>
      <subfield code="i">a</subfield>
      <subfield code="a">Leopold I., &amp;nsb;Kaiser von Deutschland&amp;nse /Kaiser von Deutschland</subfield>
      <subfield code="0">(DE-588a)136979718</subfield>
    </datafield>
    <datafield tag="913" ind1=" " ind2=" ">
      <subfield code="S">pnd</subfield>
      <subfield code="i">a</subfield>
      <subfield code="a">Leopold I., &amp;nsb;Kaiser von Deutschland&amp;nse /Kaiser von Deutschland</subfield>
      <subfield code="0">(DE-588a)13698035X</subfield>
    </datafield>
    <datafield tag="913" ind1=" " ind2=" ">
      <subfield code="S">pnd</subfield>
      <subfield code="i">5</subfield>
      <subfield code="a">Leopold &lt;Österreich, Kaiser, I&gt;</subfield>
      <subfield code="0">(DE-588a)186214340</subfield>
    </datafield>
  </record>
